<?xml version="1.0" encoding="UTF-8"?><collection xmlns="http://www.loc.gov/MARC21/slim"><record><leader>00361nam--2200121-i-4500</leader><controlfield tag="001">000018371</controlfield><controlfield tag="002">20161230</controlfield><controlfield tag="005">20161230201032</controlfield><controlfield tag="008">060222s1000------------r-----000-0-eng-d</controlfield><datafield ind1=" " ind2=" " tag="100"><subfield code="a">Fasol, K.H. And  Schultz, Ferdinand</subfield></datafield><datafield ind1=" " ind2=" " tag="245"><subfield code="a">Wasserstrahlpumpen zur forderung von flussigkeiten</subfield></datafield><datafield ind1=" " ind2=" " tag="260"><subfield code="a">Wien, Springer-verlag, 1958. Vi + 73 P. Mit 60 Figuren</subfield></datafield><datafield ind1=" " ind2=" " tag="852"><subfield code="a">15327</subfield></datafield></record></collection>